% This file was created with JabRef 2.10.
% Encoding: UTF-8


@Article{bittel2015pixel,
  Title                    = {Pixel-wise Segmentation of Street with Neural Networks},
  Author                   = {Bittel, Sebastian and Kaiser, Vitali and Teichmann, Marvin and Thoma, Martin},
  Journal                  = {arXiv preprint arXiv:1511.00513},
  Year                     = {2015}
}

@InProceedings{Fritsch2013ITSC,
  Title                    = {A New Performance Measure and Evaluation Benchmark for Road Detection Algorithms},
  Author                   = {Jannik Fritsch and Tobias Kuehnl and Andreas Geiger},
  Booktitle                = {International Conference on Intelligent Transportation Systems (ITSC)},
  Year                     = {2013}
}

@InProceedings{long2015fully,
  Title                    = {Fully convolutional networks for semantic segmentation},
  Author                   = {Long, Jonathan and Shelhamer, Evan and Darrell, Trevor},
  Booktitle                = {Proceedings of the IEEE Conference on Computer Vision and Pattern Recognition},
  Year                     = {2015},
  Pages                    = {3431--3440},

  Url                      = {https://arxiv.org/abs/1411.4038}
}

@Article{Moh2014,
  Title                    = {Deep Deconvolutional Networks for Scene Parsing},
  Author                   = {Rahul Mohan},
  Year                     = {2014},

  Owner                    = {moose},
  Timestamp                = {2016.05.10},
  Url                      = {http://arxiv.org/abs/1411.4101}
}

@Article{thoma:2016,
  Title                    = {A Survey of Semantic Segmentation},
  Author                   = {Martin Thoma},

  Date                     = {2016-02-21},
  Eprint                   = {http://arxiv.org/abs/1602.06541v1},
  Eprintclass              = {cs.CV},
  Eprinttype               = {arxiv},
  Url                      = {http://arxiv.org/abs/1602.06541v1},
  Version                  = {1}
}

