% This file was created with JabRef 2.10.
% Encoding: UTF-8


@Article{allan2013toward,
  Title                    = {Toward detection and localization of instruments in minimally invasive surgery},
  Author                   = {Allan, Max and Ourselin, S{\'e}bastien and Thompson, Steve and Hawkes, David J and Kelly, John and Stoyanov, Danail},
  Journal                  = {IEEE Transactions on Biomedical Engineering},
  Year                     = {2013},
  Number                   = {4},
  Pages                    = {1050--1058},
  Volume                   = {60},

  Publisher                = {IEEE},
  Url                      = {http://ieeexplore.ieee.org/stamp/stamp.jsp?tp=&arnumber=6359786}
}

@Article{bittel2015pixel,
  Title                    = {Pixel-wise Segmentation of Street with Neural Networks},
  Author                   = {Bittel, Sebastian and Kaiser, Vitali and Teichmann, Marvin and Thoma, Martin},
  Journal                  = {arXiv preprint arXiv:1511.00513},
  Year                     = {2015},

  File                     = {:/home/moose/segmentation-paper/pixel-wise-segmentation-of-street-1511.00513v1.pdf:PDF},
  Url                      = {http://arxiv.org/abs/1511.00513}
}

@Misc{Cyfoo,
  Title                    = {Convolution schematic},

  Author                   = {Cyfoo},

  Owner                    = {moose},
  Timestamp                = {2016.08.08},
  Url                      = {http://deeplearning.stanford.edu/wiki/index.php/File:Convolution_schematic.gif}
}

@Misc{Fossard2016,
  Title                    = {{VGG} in {T}ensorFlow},

  Author                   = {Davi Fossard},
  Month                    = jun,
  Year                     = {2016},

  Owner                    = {moose},
  Timestamp                = {2016.08.08},
  Url                      = {http://www.cs.toronto.edu/~frossard/post/vgg16/}
}

@Misc{KarenSimonyan,
  Title                    = {Very Deep Convolutional Networks for Large-Scale Visual Recognition},

  Author                   = {Karen Simonyan, Andrew Zisserman},

  Owner                    = {moose},
  Timestamp                = {2016.08.08},
  Url                      = {http://www.robots.ox.ac.uk/~vgg/research/very_deep/}
}

@InProceedings{long2015fully,
  Title                    = {Fully convolutional networks for semantic segmentation},
  Author                   = {Long, Jonathan and Shelhamer, Evan and Darrell, Trevor},
  Booktitle                = {Proceedings of the IEEE Conference on Computer Vision and Pattern Recognition},
  Year                     = {2015},
  Pages                    = {3431--3440},

  Url                      = {http://ieeexplore.ieee.org/xpl/login.jsp?tp=&arnumber=7478072}
}

@Book{Mitchell1997,
  Title                    = {Machine learning},
  Author                   = {Tom M. Mitchell},
  Publisher                = {McGraw-Hill},
  Year                     = {1997},
  Month                    = mar,

  Owner                    = {moose},
  Timestamp                = {2016.08.08}
}

@Article{simonyan2014very,
  Title                    = {Very deep convolutional networks for large-scale image recognition},
  Author                   = {Simonyan, Karen and Zisserman, Andrew},
  Journal                  = {arXiv preprint arXiv:1409.1556},
  Year                     = {2014},

  Url                      = {http://arxiv.org/pdf/1409.1556.pdf}
}

@Article{srivastava2014dropout,
  Title                    = {Dropout: a simple way to prevent neural networks from overfitting.},
  Author                   = {Srivastava, Nitish and Hinton, Geoffrey E and Krizhevsky, Alex and Sutskever, Ilya and Salakhutdinov, Ruslan},
  Journal                  = {Journal of Machine Learning Research},
  Year                     = {2014},
  Number                   = {1},
  Pages                    = {1929--1958},
  Volume                   = {15}
}

@Article{thoma2016survey,
  Title                    = {A survey of semantic segmentation},
  Author                   = {Thoma, Martin},
  Journal                  = {arXiv preprint arXiv:1602.06541},
  Year                     = {2016},

  Month                    = feb,

  Url                      = {http://arxiv.org/abs/1602.06541}
}

@Misc{vdumoulin2016,
  Title                    = {vdumoulin/conv-arithmetic},

  Author                   = {vdumoulin},
  Month                    = may,
  Year                     = {2016},

  Owner                    = {moose},
  Timestamp                = {2016.08.08},
  Url                      = {https://github.com/vdumoulin/conv_arithmetic}
}

@InProceedings{wei1997automatic,
  Title                    = {Automatic tracking of laparoscopic instruments by color coding},
  Author                   = {Wei, Guo-Qing and Arbter, Klaus and Hirzinger, Gerd},
  Booktitle                = {CVRMed-MRCAS'97},
  Year                     = {1997},
  Organization             = {Springer},
  Pages                    = {357--366},

  Url                      = {http://link.springer.com/chapter/10.1007/BFb0029257#page-1}
}

@Article{wickham1987new,
  Title                    = {The new surgery.},
  Author                   = {Wickham, John E.},
  Journal                  = {British medical journal (Clinical research ed.)},
  Year                     = {1987},

  Month                    = dec,
  Number                   = {6613},
  Pages                    = {1581},
  Volume                   = {295},

  Doi                      = {http://dx.doi.org/10.1136/bmj.295.6613.1581},
  Publisher                = {BMJ Group}
}

